<?xml version="1.0" encoding="UTF-8"?><collection xmlns="http://www.loc.gov/MARC21/slim"><record><leader>00402nam--2200133-i-4500</leader><controlfield tag="001">000047186</controlfield><controlfield tag="002">20161230</controlfield><controlfield tag="005">20161230201046</controlfield><controlfield tag="008">060222s1000------------r-----000-0-eng-d</controlfield><datafield ind1=" " ind2=" " tag="080"><subfield code="a">539.126.6(047.1)</subfield></datafield><datafield ind1=" " ind2=" " tag="100"><subfield code="a">Weingarten, Don</subfield></datafield><datafield ind1=" " ind2=" " tag="245"><subfield code="a">Density correlations of hadron gas and the origin of early multiplicity scaling</subfield></datafield><datafield ind1=" " ind2=" " tag="260"><subfield code="a">Copenhagen, The Niels Bohr Inst., /1973/, 67p.+2 Tabl</subfield></datafield><datafield ind1=" " ind2=" " tag="852"><subfield code="a">39392</subfield></datafield></record></collection>